<?xml version="1.0" encoding="UTF-8"?><record xmlns="http://www.loc.gov/MARC21/slim" xmlns:cinclude="http://apache.org/cocoon/include/1.0" xmlns:zs="http://www.loc.gov/zing/srw/">
  <leader>00611nz  a2200145n  4500</leader>
  <controlfield tag="001">n  98059443 </controlfield>
  <controlfield tag="003">DLC</controlfield>
  <controlfield tag="005">19980706082703.1</controlfield>
  <controlfield tag="008">980701n| acannaab|          |a aaa |||  </controlfield>
  <datafield tag="010" ind1=" " ind2=" ">
    <subfield code="a">n  98059443 </subfield>
  </datafield>
  <datafield tag="040" ind1=" " ind2=" ">
    <subfield code="a">DLC</subfield>
    <subfield code="c">DLC</subfield>
  </datafield>
  <datafield tag="100" ind1="1" ind2="0">
    <subfield code="a">Miller, Elvina E.</subfield>
    <subfield code="q">(Elvina Elizabeth),</subfield>
    <subfield code="d">1917-</subfield>
  </datafield>
  <datafield tag="400" ind1="1" ind2="0">
    <subfield code="a">Miller,</subfield>
    <subfield code="c">Sister,</subfield>
    <subfield code="d">1917-</subfield>
  </datafield>
  <datafield tag="670" ind1=" " ind2=" ">
    <subfield code="a">Captured in Africa, c1998:</subfield>
    <subfield code="b">t.p. (Elvina E. Miller) p. 4 of cover (known around the world as Sister Miller; founder of The Oasis of Love Church, Shippensburg, Pa.; missionary to Latin America and Africa)</subfield>
  </datafield>
  <datafield tag="670" ind1=" " ind2=" ">
    <subfield code="a">COHM database, July 1, 1998</subfield>
    <subfield code="b">(hdg.: Miller, Elvina Elizabeth, 1917- )</subfield>
  </datafield>
</record>